<?xml version="1.0" encoding="UTF-8"?><collection xmlns="http://www.loc.gov/MARC21/slim"><record><leader>00364nam--2200133-i-4500</leader><controlfield tag="001">000031316</controlfield><controlfield tag="002">20161230</controlfield><controlfield tag="005">20161230201038</controlfield><controlfield tag="008">060222s1000------------r-----000-0-eng-d</controlfield><datafield ind1=" " ind2=" " tag="080"><subfield code="a">621.3.049.77(036)</subfield></datafield><datafield ind1=" " ind2=" " tag="100"><subfield code="a">Markus, John</subfield></datafield><datafield ind1=" " ind2=" " tag="245"><subfield code="a">Modern electronics circuits rerference manual</subfield></datafield><datafield ind1=" " ind2=" " tag="260"><subfield code="a">New York Mcgraw-hill Book Co., Inc., 1980. Xi+1238p</subfield></datafield><datafield ind1=" " ind2=" " tag="852"><subfield code="a">70153</subfield></datafield></record></collection>